<?xml version="1.0" encoding="UTF-8"?><collection xmlns="http://www.loc.gov/MARC21/slim"><record><leader>00496nam--2200169-i-4500</leader><controlfield tag="001">000020726</controlfield><controlfield tag="002">20161230</controlfield><controlfield tag="005">20161230201033</controlfield><controlfield tag="008">060222s1000------------r-----000-0-eng-d</controlfield><datafield ind1=" " ind2=" " tag="040"><subfield code="a">IFIN-HH</subfield></datafield><datafield ind1=" " ind2=" " tag="080"><subfield code="a">538.971</subfield></datafield><datafield ind1="1" ind2=" " tag="100"><subfield code="a">Onsgaard, Jens</subfield></datafield><datafield ind1="1" ind2="0" tag="245"><subfield code="a">Some metal-and semiconductor surface studies by surface sensitive spectroscopies</subfield><subfield code="c">Jens onsgaard</subfield></datafield><datafield ind1=" " ind2=" " tag="260"><subfield code="a">Danmark</subfield><subfield code="b">Fysisk Institut Odense Universitet</subfield><subfield code="c">1988</subfield></datafield><datafield ind1=" " ind2=" " tag="300"><subfield code="a">165 P</subfield></datafield><datafield ind1=" " ind2=" " tag="852"><subfield code="a">80628</subfield><subfield code="c">539.23</subfield></datafield><datafield ind1=" " ind2=" " tag="CAT"><subfield code="a">Sys</subfield><subfield code="c">20121219</subfield><subfield code="h">170721</subfield></datafield></record></collection>